2590 3926
168 195 196 249 c.
227 193 383 248 svaroru
402 194 622 260 ramorum
639 196 726 250 vrri
744 167 1049 250 rosmarinum
1084 195 1136 250 vu

132 362 253 437 scripsit
280 362 448 420 comoedias
474 381 530 421 sex.
564 381 599 420 ex
622 362 730 438 quibus
752 364 879 438 primam
901 363 1045 422 Andriam
1068 383 1135 422 cum

133 450 280 508 aedilibus
304 449 397 526 daret,
420 448 519 509 iussus
543 451 613 508 aute
632 449 759 510 Caecilio
782 451 906 510 recitare
926 453 963 511 ad
981 453 1135 511 cenantem

132 557 202 596 cum
224 537 370 614 uenisset,
394 537 503 596 dicitur
525 537 645 596 initium
668 539 788 614 quidem
810 539 944 614 fabulae,
968 541 1048 616 quod
1071 543 1137 598 erat

133 626 348 700 contemptiore
380 626 508 702 uestitu,
541 626 680 685 subsellio
713 627 798 686 iuxta
829 627 974 686 lectulum
1004 627 1135 687 residens

132 713 249 791 legisse,
274 715 345 788 post
366 731 477 788 paucos
500 733 570 773 uero
594 732 699 773 uersus
722 715 870 775 inuitatus
891 717 928 774 ut
950 716 1136 775 accumberet

134 820 253 860 cenasse
280 820 354 878 una,
387 801 455 860 dein
483 803 580 860 cetera
606 803 823 878 percucurrisse
851 823 910 862 nou
937 803 999 862 sine
1026 823 1136 880 magna

118 889 257 948 ¹Caecilii
281 889 486 948 admiratione.
524 891 553 948 et
575 890 652 948 hanc
675 892 776 948 autem
798 893 829 950 et
851 891 982 967 quinque
1004 892 1136 967 reliquas

136 977 302 1053 aequaliter
328 978 440 1052 populo
468 976 622 1051 probauit:
651 980 789 1054 quamuis
812 979 968 1038 Volcatius
996 979 1027 1037 iu
1050 980 1135 1037 dinu-

135 1066 298 1124 meratione
323 1065 456 1123 omnium
478 1065 522 1123 ita
546 1065 667 1123 scribat:

299 1187 424 1246 Simitur
445 1188 565 1247 Hecura
589 1191 671 1247 sexta
694 1190 843 1249 exclusust
866 1189 976 1249 fabula.

134 1328 300 1386 Eunuchus
314 1327 435 1403 quidem
447 1327 492 1386 his
505 1322 685 1407 dei<uceps>
695 1331 763 1388 acta
772 1332 818 1388 est
827 1331 995 1406 meruitque
1005 1330 1136 1406 pretium

136 1418 282 1492 quantum
301 1416 386 1474 nulla
400 1417 488 1474 antea
502 1413 679 1493 cuiusquam
693 1418 853 1494 comoedia,
872 1420 938 1477 octo
952 1418 1036 1476 milia
1050 1439 1135 1476 num-

136 1522 226 1563 mum.
247 1505 405 1579 propterea
424 1523 539 1563 summa
558 1524 676 1581 quoque
690 1505 780 1566 titulo
795 1505 960 1564 ascribitur.
1002 1525 1017 1560 s
1060 1523 1077 1562 s
1119 1523 1135 1562 e

141 1608 1135 1649 ************eeee*

138 1696 206 1736 nam
228 1677 431 1754 Adelphorum
457 1679 638 1755 principium
659 1680 754 1740 Varro
783 1681 874 1740 etiam
900 1682 1031 1757 praefert
1055 1682 1135 1756 prin-

44 1767 47 1772 ‘
136 1765 213 1840 cipio
239 1765 403 1826 Menandri.
448 1786 507 1826 non
534 1768 659 1827 obscura
685 1769 766 1826 fama
794 1770 839 1827 est
866 1769 1004 1827 adiutum
1029 1770 1136 1829 Teren-

135 1854 214 1912 tium
236 1855 268 1911 iu
291 1854 409 1930 scriptis
432 1855 570 1914 abaelio
592 1857 623 1915 et
642 1856 791 1932 Scipione:
816 1875 940 1932 eamque
958 1858 1022 1932 ipse
1042 1858 1135 1934 auxit,

112 1960 300 2031 xnumquam
327 1942 386 2000 uisi
411 1943 519 2002 leuiter
547 1962 577 2003 se
605 1945 699 2002 tutari
727 1945 863 2022 conatuS,
890 1947 927 2003 ut
952 1945 984 2003 iu
1010 1947 1136 2022 prologo

134 2030 353 2104 Adelphorum:

179 2152 258 2209 Nam
282 2151 362 2226 quod
383 2151 435 2210 isti
458 2152 562 2211 dicunt
583 2153 737 2229 malcuoli,
760 2154 894 2212 homines
916 2154 1030 2214 nobiles

179 2240 259 2298 hunc
281 2238 415 2298 adiutare
438 2240 615 2316 assidueque
637 2260 699 2299 una
721 2241 859 2320 scribere,

180 2327 262 2403 quod
283 2327 330 2384 illi
351 2327 543 2386 maledictum
564 2329 723 2388 uehemens
746 2347 808 2388 esse
832 2330 1024 2388 existumant:

181 2433 247 2473 eam
268 2413 387 2473 laudem
408 2415 456 2473 hic
479 2416 561 2475 ducit
582 2436 766 2493 maxumam,
789 2437 879 2493 quom
901 2416 962 2475 illis
983 2418 1084 2493 placet

180 2503 233 2578 qui
255 2502 341 2560 uobis
362 2503 513 2586 uniuersis
535 2506 566 2563 et
587 2505 699 2580 populo
722 2506 854 2582 placent,

183 2609 309 2664 quorum
332 2609 421 2665 opera
443 2591 475 2650 in
497 2592 587 2669 bello,
610 2593 641 2650 in
665 2593 741 2670 otio,
763 2593 795 2652 iu
817 2593 937 2669 negotio

181 2695 233 2736 suo
257 2678 385 2754 quisque
407 2681 539 2755 tempore
563 2683 651 2739 usust
673 2681 736 2739 sine
760 2675 905 2755 superbia.

135 2816 256 2876 uidetur
283 2820 384 2877 autem
410 2820 508 2878 leuius
536 2838 567 2880 se
594 2820 772 2898 defendisse,
800 2821 873 2896 quia
898 2820 1010 2879 sciebat
1032 2819 1137 2878 Laelio

136 2907 166 2963 et
184 2905 317 2980 Scipioni
339 2925 398 2965 non
421 2908 571 2985 ingratam
589 2927 651 2968 esse
669 2909 746 2967 hano
765 2909 942 2982 opinionem.
974 2911 1136 2984 quactum

134 2993 231 3070 magis
260 2996 290 3051 et
316 3011 411 3069 usque
439 2996 477 3054 ad
498 2997 663 3071 posteriora
686 2998 821 3071 tempora
843 2997 951 3055 ualuit.
994 2995 1024 3055 Ο.
1043 2996 1135 3056 Mem-

134 3081 212 3139 mius
235 3080 268 3139 in
291 3083 424 3141 oratione
446 3103 501 3160 pro
526 3101 556 3142 se
575 3079 616 3142 Ῥ.
633 3079 803 3142 Ahicauus'
826 3085 926 3160 inquit
947 3077 977 3141 ‘a
995 3084 1134 3143 Terentio

133 3185 291 3243 personam
309 3171 474 3249 mutuatus,
498 3191 573 3248 quae
592 3172 672 3231 domi
690 3173 804 3230 luserat
821 3173 893 3247 ipse,
916 3172 1034 3230 nomine
1053 3172 1136 3230 illius

134 3256 165 3314 iu
193 3275 331 3316 scaenam
358 3254 485 3319 detulit'.
531 3260 631 3336 Nepos
658 3262 778 3318 auctore
802 3262 881 3319 certo
905 3259 1081 3335 comperisse
1105 3279 1135 3318 se

136 3344 178 3402 ait
205 3344 236 3404 O.
255 3345 391 3406 Laelium
423 3348 574 3423 quondam
604 3348 636 3406 in
663 3347 828 3407 Puteolano
858 3348 992 3406 kalendis
1019 3348 1135 3406 martiis

136 3432 320 3492 admonitum
347 3435 384 3493 ab
412 3452 516 3513 uxore,
544 3436 706 3512 temperius
728 3438 765 3494 ut
788 3435 996 3512 discumberet,
1025 3435 1134 3510 petisse

136 3518 172 3578 ab
203 3541 238 3580 ea
271 3541 307 3580 ne
341 3541 370 3582 se
402 3523 619 3601 interpellaret,
658 3543 780 3602 seroque
817 3525 938 3582 tandem
969 3523 1135 3599 ingressum
