2590 3926
478 832 803 900 PRAEFATIO.

588 989 694 1006 ...g-—

232 1100 435 1176 Quadraginta
457 1101 528 1158 anni
549 1099 696 1158 interiecti
715 1103 785 1158 sunt
802 1100 880 1158 inter
897 1101 1025 1176 priorem
1043 1121 1140 1160 meam

142 1189 342 1248 recensionem
363 1187 582 1247 comoediarum
598 1187 630 1248 P.
640 1188 761 1246 Terenti
778 1187 846 1245 Afri
865 1192 895 1246 et
912 1190 987 1247 hanc
1006 1190 1139 1249 alteram.

143 1295 220 1352 quae
238 1296 292 1352 per
308 1277 364 1334 hoc
382 1276 462 1352 quod
480 1275 540 1333 dixi
558 1275 700 1350 temporis
719 1276 850 1351 spatium
869 1277 907 1334 ad
926 1277 1141 1336 emendandum

144 1383 246 1422 aarum
272 1367 389 1422 textum
415 1367 469 1422 aut
494 1381 513 1420 a
539 1383 586 1422 me
613 1363 677 1438 ipso
705 1363 843 1423 inventae
871 1367 924 1422 aut
951 1365 988 1422 ab
1016 1365 1084 1422 aliis
1109 1365 1141 1424 in

143 1452 242 1509 iucem
261 1452 384 1510 emissae
404 1455 474 1510 sunt
492 1451 686 1528 coniecturae,
705 1452 853 1527 quatenus
870 1452 927 1510 hae
946 1453 984 1510 ad
1001 1453 1141 1512 notitiam

144 1557 242 1596 meam
262 1541 469 1616 pervenerunt,
492 1541 567 1614 quot
588 1557 673 1598 veras
696 1539 812 1616 agnovi,
836 1541 883 1597 tot
904 1540 936 1598 in
958 1543 1074 1599 textum
1096 1561 1140 1599 re·

147 1626 212 1700 cepi
241 1627 409 1685 nominibus
440 1629 597 1686 auctorum
628 1627 755 1703 omissis,
789 1627 839 1685 sed
866 1628 910 1685 ita
936 1630 973 1687 ut
998 1629 1142 1688 lectiones
1191 1671 1193 1674 -

146 1714 279 1772 codicum
301 1714 570 1788 manuscriptorum
588 1714 666 1771 infra
684 1716 800 1773 textum
818 1714 988 1793 sufficerem,
1012 1718 1141 1791 exeeptis

145 1802 188 1860 eis
205 1802 287 1878 loeis,
305 1802 359 1861 ubi
376 1805 476 1860 textus
494 1802 582 1860 lectio
601 1801 638 1858 ab
656 1821 715 1860 uno
735 1821 769 1860 ex
783 1801 932 1862 veteribus
947 1804 1141 1878 scriptoribus

144 1892 199 1948 aut
212 1941 214 1945 .
228 1890 429 1966 grammaticis
455 1889 628 1948 confirmata
656 1892 732 1966 erat,
765 1889 796 1947 id
824 1891 904 1965 quod
931 1911 967 1949 ex
992 1892 1139 1954 Francisci

143 1977 371 2052 Vmpfenbachii
398 1977 525 2036 editione
548 1968 695 2056 (Berolini
715 1969 814 2052 1870)
840 1979 928 2037 facile
952 1980 1140 2054 perspicitur.

143 2065 197 2123 ubi
232 2066 377 2125 vocabula
411 2066 443 2123 in
477 2065 561 2122 libris
597 2065 704 2123 omissa
740 2066 892 2143 supplevi,
928 2067 1000 2125 haec
1032 2068 1141 2126 litteris

145 2155 268 2212 abaco
290 2172 366 2229 quae
387 2155 534 2213 vocantur
554 2152 702 2228 insignivi.

232 2241 268 2298 ln
298 2241 464 2318 digerendis
495 2240 618 2298 canticis
649 2240 833 2316 summatim,
865 2259 926 2316 qua
958 2241 994 2300 de
1020 2261 1053 2300 re
1080 2243 1141 2300 iam

144 2347 170 2388 a.
191 2330 275 2388 1876
302 2329 335 2386 in
362 2327 519 2387 annalibus
545 2327 734 2404 philologieis
759 2328 823 2387 eius
847 2329 917 2385 anni
940 2349 968 2403 p.
989 2331 1051 2388 538
1076 2348 1140 2388 sen·

143 2416 271 2474 tentiam
292 2435 389 2475 meam
411 2416 527 2492 aperui,
553 2417 671 2474 secutus
695 2433 760 2474 sum
784 2434 850 2474 eam
871 2416 1026 2491 rationem,
1050 2435 1141 2492 quam

145 2502 268 2562 Carolus
287 2503 465 2563 Oonradtius
487 2503 644 2578 proposuit
667 2504 698 2560 in
721 2522 755 2562 eo
779 2503 853 2561 libro
878 2523 967 2579 quem
989 2504 1141 2579 inscripsit

145 2585 208 2649 ‘dic
243 2592 399 2651 metrisehe
435 2591 630 2666 composition
665 2591 717 2649 der
748 2591 900 2650 eombdien
932 2593 982 2650 des
1015 2587 1140 2651 Terenz'

145 2670 292 2759 (Berolini
316 2672 429 2758 1876),
456 2681 666 2755 praeterquam
694 2679 774 2755 quod
802 2679 929 2755 singulis
951 2680 1023 2738 loeis
1046 2680 1083 2737 ab
1106 2699 1141 2739 eo

143 2766 277 2840 discessi,
305 2767 340 2826 de
368 2767 476 2844 quibus
503 2767 649 2826 rationem
676 2767 805 2826 reddunt
830 2767 942 2827 indices
970 2769 1141 2844 metrorum,

143 2873 218 2929 quos
242 2854 368 2932 singuiis
390 2855 500 2913 fabulis
523 2854 641 2914 subieci.

232 2942 444 3002 Suetonianam
454 2942 574 3001 Terenti
586 2942 680 3001 vitam
694 2941 762 3001 dedi
776 2961 811 3000 ex
823 2943 990 3000 recensione
1000 2942 1142 3000 Friderici

142 3029 310 3089 Ritschelii:
333 3031 400 3090 vide
424 3031 487 3089 eius
511 3031 654 3104 opuscula
672 3029 854 3105 philologiea
872 3030 930 3089 vol.
944 3028 990 3088 HI
1009 3025 1141 3110 (Lipsiae

144 3110 244 3198 1877)
268 3139 295 3192 p.
313 3120 493 3177 204-214.

230 3240 347 3299 Dabam
369 3240 498 3298 Dresdae
521 3238 620 3297 idibus
644 3237 865 3313 Septembribus

373 3328 444 3388 anni
465 3325 714 3386 Mocccxcvss.
