2590 3926
116 201 169 270 11,
184 207 288 256 ac-aa
392 233 393 236 =
550 203 690 258 ANDRIA
1097 205 1119 270 5

117 363 174 447 qui
197 362 276 428 scire
298 385 409 446 posses
432 368 487 429 aut
509 365 674 450 ingenium
695 368 834 453 necuere,

116 452 193 515 dum
219 453 306 516 uetes
328 456 432 516 metus
454 452 607 538 magister
629 454 864 537 prohibebent?
917 453 976 521 SO.
1012 453 1120 543 Itast),

116 537 164 604 SI.
186 541 287 622 quod
308 541 451 624 plerique
474 563 583 606 omnes
604 542 727 606 feciunt
750 543 986 630 adulescentuli,
1084 560 1118 608 55

115 632 153 691 ut
176 629 318 692 enimum
340 629 380 692 ad
402 629 531 714 aliquod
553 630 695 694 studium
717 632 901 717 adiungunt,
923 636 978 696 aut
1001 653 1100 716 equos

75 739 103 779 10
116 716 201 780 alere
224 720 279 780 adt
301 738 393 781 canes
416 718 456 782 ad
478 718 666 803 uenandum‚
689 722 745 782 aut
767 720 808 784 ad
828 716 1051 804 philosophos:

114 804 232 868 horum
252 804 335 868 nihil
355 805 410 869 ille
433 807 558 890 egregie
581 811 706 890 praeter
728 809 832 872 cetera

115 892 275 978 studelrat,
297 897 329 957 et
350 897 459 957 tamen
481 895 588 958 emnia
609 895 691 966 haec,
707 894 916 960 mediocriter.

114 981 301 1066 gaudelam.
346 979 406 1046 SO.
442 979 519 1046 Non
539 982 669 1047 iniuria:
691 1005 766 1047 nam
787 984 821 1047 id
843 984 982 1049 erbitror
1084 1002 1118 1051 00

114 1066 257 1152 adprime
278 1070 314 1133 in
335 1070 405 1133 uita
427 1091 495 1134 ease
518 1071 606 1155 utile,
628 1075 664 1134 ut
685 1070 804 1155 nequid
825 1073 930 1138 nimis.

74 1179 100 1220 11
115 1155 163 1221 SI.
202 1155 254 1222 Sic
275 1155 344 1221 uita
367 1162 447 1222 erat:
469 1158 561 1222 facile
585 1161 692 1224 emnes
715 1161 855 1243 perferre
876 1163 912 1226 ec
934 1161 1012 1247 pati,

114 1245 418 1398 almq'bml
442 1251 695 1400 {diffluenti-³4
715 1249 855 1400 111ῗὲ1
877 1249 988 1313 ἁόάθῖθ

69 1501 71 1505 .
113 1423 289 1505 numquem
310 1386 506 1505 pracpdnens
530 1444 564 1487 se
585 1421 662 1510 illis,
683 1425 730 1488 ita
751 1359 971 1489 utqfacsslume
1084 1441 1118 1491 65

115 1511 185 1574 sine
206 1508 329 1573 inuidia
350 1510 474 1575 laudem
496 1511 641 1576 inuenies
664 1517 697 1576 et
720 1513 837 1577 amices
859 1535 960 1596 parea.

74 1621 101 1660 40
116 1595 176 1662 SO.
214 1596 380 1682 Sapienter
401 1599 503 1664 uitam
524 1598 679 1664 instituit:
701 1622 838 1684 namque
859 1602 921 1665 hoc
943 1602 1086 1684 tempore

116 1685 306 1770 obsequium
328 1687 455 1773 amieos,
476 1689 596 1752 ueritas
620 1688 727 1752 odium
749 1689 842 1771 parit.

115 1771 164 1838 SI.
199 1773 326 1838 Interea
346 1775 461 1839 mulier
484 1776 637 1858 quaedam
659 1775 774 1840 abhinc
796 1777 970 1842 triennium

114 1884 156 1927 ex
176 1844 288 1927 11111110
310 1863 532 1947 commigremt
554 1864 616 1927 huc
638 1862 798 1951 uiciniam,
1085 1883 1118 1932 70

113 1951 225 2034 inepia
247 1954 279 2015 et
301 1954 511 2035 cognaterum
531 1952 728 2036 neclegentia
905 1957 906 1960 ’

73 2061 101 2102 aa
115 2041 235 2124 coecta,
256 2039 383 2124 egregia
403 2040 506 2103 ferma
529 2043 623 2123 atque
646 2044 749 2104 aetate
771 2038 905 2125 integra.

116 2125 176 2191 10.
221 2127 279 2212 ni,
301 2129 413 2190 uereor
433 2128 551 2210 nequid
572 2111 694 2192 laun
716 2129 863 2212 adportet
884 2129 968 2194 man.

116 2213 164 2279 SI.
200 2213 308 2278 Primo
330 2214 408 2279 haec
429 2216 541 2298 pudice
562 2215 664 2280 uitam
685 2238 778 2300 parce
800 2239 836 2282 ac
859 2217 979 2282 duriter

116 2303 242 2388 agebat,
263 2303 337 2366 lana
359 2318 395 2367 ac
416 2304 480 2367 tela
502 2304 624 2368 uictum
647 2305 843 2390 quaeritans3
1085 2324 1118 2372 15

117 2391 172 2454 sed
194 2393 365 2474 peatquam
387 2413 494 2454 amans
518 2393 649 2456 accessit
671 2393 811 2475 pretium
832 2393 986 2476 pellicens

76 2501 102 2540 ⁵0
116 2483 200 2543 1111111
222 2482 255 2542 et
276 2479 355 2542 item
377 2479 470 2543 alter:
491 2477 539 2544 1'ta
560 2485 597 2544 ut
618 2481 814 2565 ingeniumst
837 2481 980 2545 emnium

114 2567 282 2631 hominum
304 2566 344 2630 eb
367 2567 476 2631 labore
498 2569 639 2650 precliue
661 2570 700 2632 ad
722 2567 906 2654 lubidinem,

115 2656 237 2738 accepit
260 2655 483 2741 condicienem,
505 2656 578 2720 dein
601 2661 769 2740 quaestum
791 2658 915 2740 eccipit.

116 2743 172 2827 qui
195 2747 266 2808 tum
286 2741 377 2806 sslam
399 2744 557 2829 amabant,
578 2745 670 2830 ferte,
691 2745 739 2809 ita
760 2749 798 2809 ut
819 2745 867 2831 fit,
887 2741 995 2809 fssium
1084 2763 1118 2812 80

114 2829 291 2915 perduxere
312 2831 398 2917 illuc,
420 2834 526 2896 secum
547 2836 584 2896 ut
606 2855 670 2896 una
691 2834 785 2920 esset,
806 2855 920 2902 meum.

76 2939 102 2980 11
117 2921 244 3004 egomet
267 2919 417 2984 continuo
439 2923 562 2984 mecum
585 2921 680 2985 ‘certe
703 2923 814 3005 ceptus
837 2925 899 2986 est:

114 3008 234 3072 habet?
279 3007 490 3072 ebseruabam
510 3009 602 3072 mene
624 3009 754 3073 illorum
777 3010 920 3073 seruolos

114 3095 274 3161 uenientis
296 3100 353 3159 aut
375 3096 534 3160 abeuntis:
557 3097 738 3182 rogitabam
761 3097 850 3160 ‘heus
873 3118 961 3182 puer,

115 3183 165 3248 ne
178 3185 281 3270 seces,
299 3184 371 3268 qua
384 3183 453 3248 nea
468 3183 655 3265 Ohsy'sidem
668 3185 815 3259 habuit?
838 3207 913 3249 nam
926 3167 1066 3248 lunae
1085 3201 1119 3250 a

115 3272 163 3336 illi
176 3272 210 3336 1'd
220 3276 288 3336 erat
296 3270 502 3336 nomen-SO.
522 3272 635 3336 Teneo,
660 3270 706 3336 SI.
724 3272 904 3338 Phaedrum
917 3277 973 3336 aut
983 3271 1120 3337 Cliniam

117 3555 149 3603 ⁷⁰
185 3484 220 3534 58
238 3477 289 3560 ille
307 3478 380 3618 pihil
394 3483 404 3551 ss
418 3486 452 3534 64
471 3497 566 3536 eorum
583 3481 700 3550 obsequi
719 3479 820 3534 studiis
839 3481 972 3535 aduersu·
990 3479 1095 3534 nemini
1112 3480 1122 3550 ΙΙ

167 3566 290 3606 1110111110
