2590 3926
160 169 225 221 vrn
260 145 460 224 elevarem
479 168 702 234 scarorum
720 169 807 224 vrrs
824 169 854 224 P.
869 169 1028 224 suanum
1043 170 1129 224 Arar

159 334 324 394 triclinium
347 334 455 394 dixisse
477 353 537 394 non
560 354 647 412 saepe
670 336 702 394 in
726 335 876 394 sc1ibendo
900 337 996 412 magis
1020 336 1076 395 sibi
1099 355 1163 396 suc·
1270 327 1271 358 l

160 423 291 482 cessisse:
325 423 429 482 deinde
456 426 595 500 rogatum
623 426 659 483 ut
686 425 798 499 scripta
824 425 878 482 illa
905 425 1064 500 proferret,
1095 443 1162 499 pro·
1270 453 1271 500 1

160 511 312 570 nuntiasse
335 531 440 570 uersus
463 512 516 587 qui
540 513 666 571 suntin
689 512 831 572 Heauton
854 512 1064 571 timorumeuoz

206 635 284 733 Satis
304 634 355 710 pol
372 636 513 710 proterue
532 655 578 694 me
599 635 667 710 Syri
685 635 831 710 promissa
850 635 908 693 huc
927 635 1118 695 induxerunt.

162 757 269 816 Santra
292 757 465 817 Terentium
493 757 656 834 existimat,
685 758 710 816 si
737 758 824 816 modo
848 758 1054 817 inscribendo
1078 759 1162 818 adiu-
1271 787 1272 830 ς

159 845 276 904 toribus
294 845 465 922 indiguerit,
484 864 544 904 non
561 847 625 903 tam
640 846 776 921 Scipione
796 847 826 905 et
839 845 941 905 Laelio
959 846 1007 904 uti
1020 847 1162 924 potuisse,
1271 865 1272 878 ³

161 933 214 1008 qui
240 935 313 992 tunc
340 934 555 992 adulescentuli
581 933 707 1010 fuerint,
740 952 831 1009 quam
858 932 888 992 O.
909 934 1040 1009 Sulpicio
1067 933 1162 1012 Gallo,

159 1021 278 1080 homine
301 1021 401 1098 docto,
429 1041 489 1097 quo
512 1022 632 1080 consule
656 1017 917 1099 <Megalens>ibus
940 1022 1019 1081 ludis
1041 1023 1163 1081 initium

161 1109 331 1168 fabularum
362 1108 527 1167 dandarum
558 1109 675 1186 fecerit,
706 1110 757 1168 uel
789 1109 820 1179 Q.
843 1110 936 1169 Fabio
963 1111 1100 1170 Labeone
1133 1113 1163 1169 et

160 1197 199 1255 M.
217 1197 355 1272 Popillio,
379 1197 528 1256 consulari
551 1199 680 1273 utroque
704 1215 739 1255 ac
761 1199 859 1272 poeta.
892 1197 958 1257 ideo
981 1198 1081 1273 ipsum
1103 1218 1162 1257 non
1272 1243 1273 1268 ,

161 1285 284 1344 iuuenes
317 1285 472 1362 designare
504 1285 556 1362 qui
590 1303 620 1344 se
648 1285 791 1344 adiuuare
820 1286 970 1363 dicantur,
1003 1287 1054 1345 sed
1080 1287 1162 1345 uiros

161 1392 289 1449 quorum
323 1392 444 1448 operam
476 1375 506 1432 et
537 1373 569 1431 in
600 1373 677 1432 bello
711 1375 741 1432 et
772 1374 804 1430 in
836 1374 897 1432 otio
926 1376 957 1432 et
982 1373 1015 1431 in
1041 1375 1161 1451 negotio

160 1462 290 1536 populus
324 1462 364 1520 sit
396 1464 541 1537 expertus.
591 1463 661 1536 post
693 1461 788 1520 editas
820 1461 999 1538 comoedias,
1031 1462 1162 1520 nondum

162 1550 302 1625 quintum
324 1551 415 1624 atque
438 1549 614 1608 uicesimum
636 1549 787 1626 ingressus
810 1567 930 1626 annum,
953 1567 1043 1609 causa
1061 1549 1161 1608 uitan-

160 1638 215 1696 dae
243 1637 391 1712 opinionis
419 1656 479 1712 qua
506 1636 667 1695 uidebatur
691 1637 789 1696 aliena
812 1657 869 1713 ¹pro
898 1637 960 1696 suis
983 1639 1081 1715 edere,
1109 1657 1162 1697 seu
1273 1667 1274 1680 κ

160 1725 343 1800 percipiendi
357 1725 538 1784 Graecorum
555 1725 696 1783 instituta
709 1743 864 1800 moresque
879 1744 953 1801 quos
967 1745 1026 1784 non
1039 1726 1161 1800 perinde
1273 1737 1274 1792 j

161 1813 338 1889 exprimeret
363 1812 395 1870 in
422 1812 552 1890 seriptis,
581 1829 715 1889 egressus
742 1813 814 1872 arbe
841 1815 887 1872 est
914 1833 1010 1889 neque
1033 1813 1162 1889 amplius

160 1902 256 1961 rediit.
298 1902 333 1959 de
356 1903 451 1959 morte
474 1901 538 1960 eius
560 1900 717 1960 Volcatius
740 1901 781 1960 sic
804 1901 908 1959 tradit:

249 2023 308 2083 Sed
329 2025 365 2082 ut
387 2023 460 2082 Afer
480 2024 592 2099 populo
616 2042 666 2082 sex
689 2024 771 2082 dedit
793 2024 972 2102 comoediaS,

249 2113 307 2171 iter
328 2111 397 2170 hinc
419 2111 451 2169 in
473 2111 577 2170 Asiam
600 2111 678 2170 fecit.
715 2114 751 2171 ut
773 2129 881 2169 nauem
904 2113 994 2171 semel

248 2200 430 2276 conscendit,
452 2199 537 2258 uisus
560 2217 725 2276 numquam
748 2201 806 2259 est:
830 2199 871 2257 sio
893 2200 959 2258 uita
981 2204 1080 2260 uacat

161 2321 375 2392 uaesaniae
401 2323 574 2383 redeuutem
603 2343 619 2383 e
642 2323 767 2383 Graecia
793 2323 904 2399 perisse
932 2324 964 2383 in
990 2325 1066 2381 mari
1089 2324 1163 2383 dicit

161 2430 228 2470 oum
255 2410 365 2470 fabulis
392 2412 542 2471 conuersis
565 2430 584 2469 a
607 2411 783 2471 Menandro:
811 2413 901 2471 ceteri
922 2413 1075 2470 mortuum
1099 2430 1161 2472 esse

160 2500 192 2556 in
218 2498 347 2557 Arcadia
376 2499 439 2559 siue
465 2500 633 2559 Leucadiae
660 2500 799 2576 tradunt,
832 2499 882 2558 On.
907 2498 1042 2557 Cornelio
1069 2499 1162 2560 Dola-

160 2586 239 2646 bella
265 2587 303 2645 M.
324 2587 433 2646 Fuluio
461 2588 613 2670 Nobiliore
642 2587 826 2662 consulibus,
853 2586 954 2645 morbo
981 2587 1164 2662 implicitum

161 2694 196 2733 ex
222 2675 322 2734 dolore
345 2693 380 2733 ac
401 2676 501 2735 taedio
526 2677 703 2734 amissarum
727 2675 910 2734 sarcinarum
933 2692 1007 2751 quas
1030 2676 1063 2734 in
1085 2695 1163 2736 naue

160 2763 366 2840 praemiserat,
404 2783 437 2822 ao
474 2764 564 2822 simul
600 2763 772 2822 fabularum
808 2781 883 2839 quas
916 2781 1011 2822 nouas
1042 2766 1162 2823 fecerat.

160 2850 252 2910 fuisse
285 2850 395 2909 dicitur
425 2851 567 2910 mediocri
599 2853 728 2930 statura,
761 2851 867 2930 gracili
899 2870 1032 2929 corpore,
1064 2853 1163 2912 colore

160 2939 252 2997 fusco.
297 2939 421 3015 reliquit
446 2939 552 3017 filiam,
582 2958 659 3015 quae
681 2942 750 3015 post
772 2939 868 3016 equiti
890 2939 1024 2998 Romano
1047 2941 1163 3017 nupsit:

160 3027 233 3085 item
263 3027 399 3086 hortulos
430 3045 471 3085 xx
498 3027 637 3104 iugerum
666 3027 720 3086 uia
746 3028 847 3103 Appia
879 3027 917 3086 ad
943 3027 1057 3086 Martis.
1102 3048 1162 3104 quo

159 3115 255 3192 magis
287 3115 378 3174 miror
404 3113 543 3175 Porcium
571 3115 710 3175 scribere:
743 3111 854 3190 ‘Scipio
882 3115 958 3174 nibil
986 3116 1013 3174 ei
1039 3115 1163 3192 profuit,

159 3202 235 3260 nihil
256 3203 388 3280 Laelius,
420 3204 495 3262 nihil
517 3203 639 3262 Furius:
668 3223 770 3263 eorum
794 3205 846 3263 ille
870 3222 960 3279 opera
983 3223 1019 3262 ne
1043 3203 1163 3262 domum

160 3290 280 3366 quidem
317 3292 424 3350 habuit
461 3285 701 3351 conducticiam'.
755 3293 834 3351 hunc
866 3290 1010 3350 Afranius
1043 3291 1163 3367 quidem

160 3380 296 3438 omnibus
319 3380 438 3439 comicis
461 3381 600 3458 praefert,
625 3380 753 3440 scribens
776 3379 808 3437 in
831 3377 1064 3455 Compitalibus:

199 3563 203 3572 ,
304 3503 423 3564 Terenti
446 3523 506 3564 non
529 3503 713 3563 consimilem
735 3503 816 3561 dicas
839 3503 1017 3579 quempiam.
