2542 3920
188 203 254 268 220
615 203 764 259 HEOYRA
983 167 984 170 ¹
1040 205 1092 274 Ia,
1106 211 1187 258 4-36

187 368 257 427 tum
279 363 377 428 dicas:
402 364 430 428 si
452 385 519 428 non
541 366 685 448 quae'ret,
706 363 814 427 nullus
838 363 970 450 dixeris,

161 452 266 515 ⁵alias
289 456 326 515 ut
349 453 398 516 uti
420 453 543 536 passim
565 473 660 516 causa
681 451 740 516 hac
762 448 897 536 integra.
1158 470 1187 517 80

188 540 243 603 sed
264 539 381 603 uideon
404 560 463 624 ego
485 539 686 603 Philatium‘?
718 539 801 603 unde
823 540 900 603 haec
923 539 1074 604 aduenit?

186 626 338 713 Philatis,
362 627 449 691 salue
471 628 618 691 maltum.
662 625 720 690 Ph.
744 625 795 690 Oh
818 629 919 711 salue,
940 626 1105 692 Parmeno

189 713 250 780 si.
271 713 365 779 Salue'
382 719 549 799 mecastor,
565 715 731 779 Parmeno.
763 714 827 781 PA.
847 715 892 779 Ht
910 719 947 778 tu
965 716 1086 801 edepal,
1105 714 1187 800 Syra.

188 803 239 866 dic
259 805 318 888 mi,
340 804 411 889 ribi,
431 802 586 888 Philotis,
607 807 639 866 te
663 803 832 867 oblectasti
853 805 921 867 tam
944 803 1020 867 diu?

149 909 174 948 10
186 889 254 955 PH.
273 891 416 955 Minume
435 891 580 974 e'quidem
598 913 649 955 me
664 891 832 976 oblectaui,
851 913 1018 974 quaecum
1031 889 1135 956 mssite
1158 908 1188 956 85

189 977 381 1043 Corinthum
403 977 479 1043 hinc
502 1002 572 1042 sum
594 979 738 1062 prefacta
760 979 1051 1044 inhumanissumo:

188 1067 352 1131 biannium
374 1067 421 1130 ibi
443 1069 632 1151 perpatuom
654 1067 770 1131 misere
793 1067 885 1130 11111111
908 1067 978 1131 tuli.

187 1154 251 1218 ΡΑ.
274 1155 400 1239 Edepal
421 1158 455 1218 te
477 1155 667 1219 desidarium
690 1154 890 1219 Athenarum
913 1155 1067 1242 arbitror,

187 1241 379 1327 Philatium,
401 1242 523 1326 cepisse
547 1264 639 1326 saepe
662 1247 694 1306 et
716 1246 749 1307 te'
771 1247 863 1308 tuom

149 1347 175 1388 1⁵
189 1331 359 1394 consilium
381 1329 617 1415 contempsisse.
662 1330 730 1395 PH.
751 1330 828 1396 Non
849 1334 925 1415 pote
948 1331 1059 1415 dicier,
1158 1347 1188 1396 eo

189 1441 285 1502 quam
308 1419 421 1503 capide
444 1442 531 1483 eram
552 1419 615 1483 huc
636 1419 800 1498 redeandi,
824 1419 959 1482 abeundi
983 1441 1001 1482 a
1023 1419 1128 1482 mssite

188 1528 310 1590 uosque
332 1505 386 1570 1111
408 1507 551 1594 uidendi,
572 1507 705 1591 antiqua
727 1511 764 1572 ut
785 1507 1013 1571 consuetadine

188 1595 344 1679 agitarem
366 1595 450 1659 inter
473 1616 533 1660 uos
554 1595 656 1660 libere
678 1595 870 1659 conuiuium.

187 1705 262 1746 nam
285 1683 334 1746 1111
356 1683 443 1748 1111111
464 1683 581 1748 licebat
603 1681 667 1747 nisi
689 1683 857 1767 praefinita
880 1683 971 1767 loqui
1254 1739 1255 1748 .

149 1788 175 1828 20
189 1793 270 1855 quae
292 1769 344 1835 1111
364 1771 532 1856 placerent.
578 1770 641 1835 PA.
665 1769 761 1834 Harid
784 1772 898 1855 opinor
920 1771 1084 1836 cammode
1157 1785 1188 1835 11
1254 1801 1255 1852 p

188 1860 285 1922 finam
308 1859 461 1923 statuisse
483 1859 623 1924 orationi
645 1860 793 1923 mssitem.

187 1946 253 2011 PH.
279 1945 340 2012 Sed
368 1945 446 2030 quid
467 1948 528 2012 hoc
549 1947 702 2032 negotist,
725 1947 820 2010 mado
844 1946 929 2029 quod
950 1944 1097 2010 narrauit
1115 1945 1188 2010 mihi

187 2035 240 2098 hic
261 2035 350 2099 intus
372 2034 529 2099 Bacchis?
561 2035 648 2120 quad
670 2055 728 2119 ego
751 2056 926 2117 numquam
949 2033 1066 2098 cre‘didi

15 2141 16 2144 ’
187 2123 270 2208 fore,
291 2126 328 2186 ut
351 2121 410 2186 ssle
431 2129 490 2187 hec
512 2123 588 2187 uiua
610 2125 720 2206 passet
742 2123 888 2186 animum·
905 2123 1053 2186 indacere

15 2207 16 2296 1
149 2227 173 2268 aa
187 2213 321 2275 uxarem
351 2210 476 2274 habere.
525 2210 590 2275 PA.
618 2210 745 2275 Habare
777 2209 905 2274 autem?
955 2209 1021 2274 PH.
1048 2209 1122 2275 Eho
1149 2214 1189 2293 tu,

15 2297 16 2319 ³
798 2375 801 2380 Ι
822 2321 864 2362 en
884 2300 951 2361 nan
972 2298 1093 2361 habet?
1144 2315 1188 2363 100

185 2384 250 2450 PA.
275 2384 395 2470 Habet,
419 2385 475 2450 sed
496 2386 606 2450 firmae
628 2385 688 2450 1111
710 2388 823 2450 ue'reor
845 2391 882 2450 ut
905 2386 971 2450 sint
993 2387 1133 2470 miptiae.

185 2472 253 2538 PH.
276 2473 327 2538 Ita
350 2473 386 2538 di
405 2475 543 2557 deaeque
564 2474 682 2558 faxint,
705 2474 733 2537 si
755 2475 790 2538 in
811 2495 880 2538 rem
902 2477 952 2538 est
973 2474 1150 2538 Bacchidis

188 2562 242 2626 sed
266 2560 325 2645 qui
344 2563 429 2626 istuc
451 2562 576 2626 credam
598 2563 644 2626 ita
667 2561 757 2626 e'sse?
790 2562 840 2626 dic
862 2563 956 2647 mihi,
976 2561 1143 2627 Parmeno.

15 2669 16 2730 j
186 2649 251 2714 PA.
274 2650 350 2715 Non
372 2653 422 2714 ast
446 2672 526 2734 opus
549 2650 675 2735 prolato
698 2651 771 2714 hoe:
794 2650 1009 2733 percontarier

15 2735 16 2740 ’
148 2738 313 2804 3011111111.
340 2738 407 2802 PH.
422 2736 546 2823 Nempe
565 2761 601 2802 ea
619 2743 723 2824 caiisa,
740 2742 777 2801 ut
794 2760 834 2802 ne
853 2738 886 2802 id
899 2738 956 2802 fiat
969 2738 1100 2822 palam?
1144 2753 1189 2802 105

187 2828 234 2892 ita
256 2828 307 2890 ma
330 2826 361 2890 di
385 2827 553 2912 amabunt,
575 2827 639 2890 11111
662 2830 831 2910 propterea
852 2828 886 2890 ta
908 2847 1003 2911 roge,

187 2918 223 2979 ut
245 2915 307 2978 hoc
329 2915 504 3000 proferam,
527 2914 582 2978 sed
604 2915 702 2978 tacita
724 2917 761 2977 ut
783 2935 907 2978 mecum
929 2914 1092 2999 gaadeam.

186 3001 250 3067 ΡΑ.
274 3001 460 3086 Numquam
482 3006 550 3065 tam
572 3001 655 3066 dices
679 3002 856 3086 cammode,
877 3003 915 3065 ut
938 3005 1066 3086 tergam
1089 3023 1189 3066 meum

186 3095 276 3155 tuam
297 3089 333 3155 in
355 3092 450 3155 fidem
473 3089 679 3154 committam.
724 3088 791 3154 PH.
815 3089 868 3154 Ah
889 3090 958 3154 noli
963 3142 972 3174 ,
993 3090 1162 3154 Parmeno:

16 3189 17 3252 ξ
148 3193 173 3234 ⁸5
188 3179 280 3262 quasi
301 3181 367 3243 nan
389 3183 426 3243 tu
449 3178 553 3243 multo
575 3179 668 3242 malis
690 3198 820 3241 narrare
842 3178 904 3242 hac
925 3177 1005 3242 mihi
1143 3192 1189 3242 110

188 3289 283 3351 quam
324 3287 383 3351 ego
426 3269 507 3350 quaa
545 3270 717 3350 percontor
754 3264 840 3330 scire.
899 3263 964 3330 PA.
996 3265 1081 3330 Vere
1116 3265 1189 3330 haec

861 3354 1035 3439 praedicat,

258 3544 292 3592 90
310 3557 366 3594 non
385 3541 442 3594 dici
459 3544 554 3610 potest
575 3545 585 3612 ΙΙ
609 3548 659 3596 107
678 3546 710 3597 11
727 3543 817 3598 tacita
839 3547 849 3613 u
