2568 3922
282 347 315 404 V.
339 353 389 402 691
409 349 446 403 ad
465 353 515 402 613
533 346 671 402 trochaici
690 347 843 417 septenarii

294 459 305 470 ·
341 434 393 482 614
411 429 449 482 ad
468 433 518 482 622
536 426 652 481 iambici
670 425 808 480 octonarii

293 538 306 549 -
342 512 392 560 623
411 507 449 560 ad
468 513 518 562 667
536 503 673 560 trochaici
691 504 843 574 septenarii

294 616 306 627 -
343 590 393 639 668
413 585 450 640 ad
469 590 519 640 678
537 583 654 639 iambici
672 583 810 638 octonarii

293 695 306 707 -
343 670 393 719 679
412 665 449 720 ad
469 669 519 719 707
537 663 652 719 iambici
671 662 823 733 septenarii

295 774 307 784 ·
345 749 394 799 708
412 743 550 799 iambicus
570 742 695 799 senarius

295 853 307 864 -
343 828 393 877 709
412 823 449 878 ad
469 829 520 878 722
538 822 675 878 trochaici
694 819 846 892 septenarii

294 933 307 944 ·
343 909 393 958 723
412 904 450 958 ad
469 908 520 957 748
537 901 654 958 iambici
672 900 824 970 septenarii

295 1012 306 1024 -
344 988 393 1036 749
412 982 450 1036 ad
468 986 520 1036 873
538 981 653 1037 iambici
672 980 776 1035 senarii

295 1091 307 1102 -
342 1065 394 1115 874
412 1061 450 1114 ad
467 1064 519 1114 907
537 1059 674 1114 trochaici
693 1061 845 1129 septenarii

295 1170 307 1180 -
343 1143 394 1192 908
413 1139 451 1193 ad
470 1144 520 1192 939
539 1137 655 1192 iambici
674 1137 777 1193 senarii

295 1249 307 1260 ·
342 1223 394 1272 940
412 1219 451 1272 ad
469 1223 519 1273 977
538 1216 675 1272 trochaici
693 1216 845 1287 septenarii

294 1329 307 1338 -
343 1302 393 1351 978
412 1298 450 1352 ad
468 1303 519 1351 999
537 1296 653 1351 iambici
671 1296 808 1350 octonarii

295 1409 307 1418 -
326 1383 395 1432 1000
413 1378 451 1432 ad
469 1383 538 1431 1002
556 1375 671 1431 iambici
689 1374 841 1444 septenarii

296 1488 308 1498 -
327 1463 394 1511 1003
412 1457 549 1511 iambicus
569 1455 728 1510 octonarius

296 1566 309 1577 -
415 1541 484 1590 1004
501 1535 637 1589 iambicus
656 1533 851 1603 quaternarius

295 1645 308 1657 -
327 1620 394 1669 1006
413 1616 450 1671 ad
469 1621 536 1670 1012
554 1614 670 1668 iambici
689 1613 825 1668 octonarii

295 1723 308 1735 ·
328 1698 395 1747 1013
413 1694 451 1747 ad
470 1698 537 1748 1067
555 1693 692 1748 trochaici
710 1690 870 1762 septenarii.
