2590 3926
164 209 194 266 C.
214 207 371 265 SVETONI
389 207 609 274 TRANQVELI
627 209 715 262 VITA
732 208 761 264 P.
777 207 935 262 TERENTI
952 207 1044 262 Arm.
1081 199 1119 260 IX

114 377 274 439 Volcatius
296 378 399 435 antem
420 395 480 436 non
502 376 599 436 solum
616 376 732 435 Naeuio
756 379 787 435 et
804 374 913 435 Plauto
933 377 963 435 et
981 374 1118 450 Caecilio,

114 467 170 526 sed
187 465 302 523 Licinio
326 483 445 540 quoque
468 465 499 523 et
515 463 610 524 Atilio
630 464 793 540 postponit.
826 462 927 523 Oicero
945 464 978 522 in
995 463 1118 523 Limone

112 555 262 613 hactenus
283 552 400 611 laudet:

162 677 210 735 Tu
233 694 365 752 qnoque,
389 675 442 751 qui
464 675 545 734 solus
567 674 644 733 lecto
668 691 812 751 sermone,
836 674 968 752 Terenti,

162 782 338 824 conuersum
362 781 590 839 expressumque
613 761 709 820 letina
731 781 805 821 noce
827 762 1023 821 Menandrum

163 853 196 910 in
219 851 350 910 medium
372 851 458 910 nobis
482 851 591 909 sedatis
614 850 745 909 motibus
769 851 865 924 effers,

163 940 305 1017 quiddam
327 959 409 998 corne
431 939 556 1015 loquens
579 938 670 1014 etque
693 939 793 997 omnia
816 938 915 997 dulcia
937 937 1069 997 miscens.

116 1066 192 1123 item
216 1061 246 1121 O.
264 1061 384 1120 Caesar:

164 1187 211 1244 Tu
233 1203 366 1261 quoque,
394 1185 430 1241 tu
451 1182 483 1240 in
506 1183 640 1258 summis,
667 1202 685 1243 o
708 1182 861 1244 dimidiate
884 1183 1056 1258 Menander,

162 1273 295 1349 poneriS,
319 1273 350 1330 et
371 1271 490 1345 merito,
512 1270 582 1346 puri
605 1271 746 1330 sermonis
769 1274 891 1331 amator.

163 1360 280 1421 lenibus
303 1361 393 1436 atque
416 1358 533 1417 utinam
555 1359 672 1435 scriptis
695 1359 836 1418 adiuncta
858 1361 935 1420 foret
955 1360 1017 1437 nie,

166 1449 276 1508 comica
298 1449 335 1506 ut
357 1449 485 1524 aequato
507 1446 606 1505 uirtus
628 1448 756 1522 polleret
776 1448 886 1507 honore

167 1556 233 1595 cum
255 1535 388 1611 Graecia,
410 1554 486 1594 neue
507 1535 563 1593 hac
585 1535 741 1610 despectus
762 1538 848 1610 perte
870 1536 989 1596 iaceres.

167 1644 258 1682 unum
279 1624 335 1683 hoc
358 1641 490 1682 maceror
512 1624 632 1682 aureolo
655 1623 712 1681 tibi
734 1623 830 1701 desse,
852 1623 980 1683 Terenti.

242 1914 559 1982 AVOTARIVM
590 1914 747 1980 AELII
780 1914 1001 1982 DONATI.

570 2074 676 2082 ——

209 2185 290 2244 Haec
323 2182 483 2243 Suetonius
514 2184 716 2259 Tranquillus.
760 2203 831 2242 narn
862 2183 937 2243 duos
968 2184 1122 2243 Terentios

121 2275 225 2349 poetes
252 2273 343 2331 fuisse
372 2271 474 2330 scribit
499 2271 643 2348 Maecius,
671 2291 798 2348 qnorum
826 2272 902 2331 alter
927 2271 1122 2350 Fregellanus

121 2362 215 2421 fuerit
250 2360 406 2419 Terentius
437 2358 526 2437 Libo,
562 2360 639 2418 alter
673 2360 830 2419 libertinus
862 2360 1018 2419 Terentius
1049 2359 1123 2419 Afer

122 2449 228 2525 patria,
252 2447 287 2506 de
311 2466 370 2524 quo
393 2465 472 2504 nunc
494 2448 654 2523 loquimur.
687 2447 833 2523 Scipionis
856 2448 974 2506 fabulas
997 2448 1122 2508 edidisse

124 2537 295 2596 Terentium
316 2534 473 2612 Vegellius
494 2535 527 2592 in
549 2535 665 2594 actione
688 2536 745 2595 ait:

211 2658 306 2733 Tuae,
329 2658 460 2734 Terenti,
483 2675 559 2733 quae
582 2660 730 2717 uocantur
752 2658 872 2716 fabulae

210 2746 294 2805 cuiae
318 2746 407 2804 sunt?
438 2765 498 2803 non
519 2746 586 2822 hes,
608 2747 676 2805 inre
698 2747 750 2823 qui
772 2745 892 2822 populis
915 2745 1018 2823 debat,

209 2853 324 2893 summo
346 2834 397 2892 ille
420 2834 531 2892 honore
553 2834 687 2909 effectus,
710 2835 782 2894 fecit
804 2833 942 2918 fabulas?

122 2957 199 3015 duae
240 2956 277 3014 ab
311 2955 493 3031 Apollodoro
528 2957 691 3015 translatae
728 2975 790 3016 esse
826 2957 967 3015 dicuntur
1002 2956 1121 3034 comico,

122 3043 261 3104 Phormio
293 3045 324 3102 et
349 3044 478 3120 Hecyra:
510 3046 641 3119 quatuor
666 3044 798 3121 reliquae
827 3064 845 3103 a
872 3044 1041 3104 Menandro.
1087 3064 1122 3104 ex

124 3132 232 3209 quibus
254 3150 363 3209 magno
387 3149 523 3191 successu
547 3134 577 3190 et
597 3133 694 3207 pretio
718 3133 803 3192 stetit
820 3133 984 3192 Eunuchus
1007 3132 1122 3193 fabula:

124 3220 240 3297 Hecyra
262 3238 348 3296 saepe
372 3221 502 3297 exclusa,
525 3219 577 3278 uix
600 3221 667 3279 ecta
689 3221 742 3280 est

517 3463 727 3472 ---.-—-—-
