<?xml version="1.0" encoding="UTF-8"?>
<!DOCTYPE html PUBLIC "-//W3C//DTD XHTML 1.0 Transitional//EN"
    "http://www.w3.org/TR/xhtml1/DTD/xhtml1-transitional.dtd">
<html xmlns="http://www.w3.org/1999/xhtml" xml:lang="en" lang="en">
 <head>
  <title>
</title>
<meta http-equiv="Content-Type" content="text/html;charset=utf-8" />
  <meta name='ocr-system' content='tesseract 3.04.00' />
  <meta name='ocr-capabilities' content='ocr_page ocr_carea ocr_par ocr_line ocrx_word'/>
</head>
<body>
  <div class='ocr_page' id='page_1' title='image "./pterentiafricom00flecgoog/pterentiafricom00flecgoog_0013.png"; bbox 0 0 2590 3926; ppageno 0'>
   <div class='ocr_carea' id='block_1_1' title="bbox 300 813 999 1005">
    <p class='ocr_par' dir='ltr' id='par_1_1' title="bbox 300 813 999 1005">
     <span class='ocr_line' id='line_1_1' title="bbox 300 813 999 895; baseline -0.006 -11"><span class='ocrx_word' id='word_1_1' title='bbox 300 815 338 884; x_wconf 83' lang='lat' dir='ltr'><strong>O.</strong></span> <span class='ocrx_word' id='word_1_2' title='bbox 367 815 609 884; x_wconf 80' lang='lat' dir='ltr'>SVETONI</span> <span class='ocrx_word' id='word_1_3' title='bbox 641 813 999 895; x_wconf 81' lang='lat' dir='ltr'><strong>TRANQVILLI</strong></span> 
     </span>
     <span class='ocr_line' id='line_1_2' title="bbox 350 937 945 1005; baseline -0.002 -1"><span class='ocrx_word' id='word_1_4' title='bbox 350 939 478 1004; x_wconf 82' lang='lat' dir='ltr'><strong>VITA</strong></span> <span class='ocrx_word' id='word_1_5' title='bbox 501 940 543 1005; x_wconf 92' lang='lat' dir='ltr'><strong>P.</strong></span> <span class='ocrx_word' id='word_1_6' title='bbox 563 937 787 1003; x_wconf 78' lang='lat' dir='ltr'>TERENTI</span> <span class='ocrx_word' id='word_1_7' title='bbox 811 937 945 1003; x_wconf 76' lang='lat' dir='ltr'><strong>AFRI.</strong></span> 
     </span>
    </p>
   </div>
   <div class='ocr_carea' id='block_1_2' title="bbox 597 1081 701 1090">
    <p class='ocr_par' dir='ltr' id='par_1_2' title="bbox 597 1081 701 1090">
     <span class='ocr_line' id='line_1_3' title="bbox 597 1081 701 1090; baseline 0.01 -3"><span class='ocrx_word' id='word_1_8' title='bbox 597 1081 701 1090; x_wconf 67' lang='lat'><strong>-——·</strong></span> 
     </span>
    </p>
   </div>
   <div class='ocr_carea' id='block_1_3' title="bbox 150 1171 1150 1670">
    <p class='ocr_par' dir='ltr' id='par_1_3' title="bbox 150 1171 1150 1670">
     <span class='ocr_line' id='line_1_4' title="bbox 237 1171 1149 1248; baseline 0.001 -19"><span class='ocrx_word' id='word_1_9' title='bbox 237 1189 452 1231; x_wconf 66' lang='lat' dir='ltr'><strong>annorumve</strong></span> <span class='ocrx_word' id='word_1_10' title='bbox 474 1189 562 1248; x_wconf 75' lang='lat' dir='ltr'><strong>arna,</strong></span> <span class='ocrx_word' id='word_1_11' title='bbox 585 1171 769 1247; x_wconf 74' lang='lat' dir='ltr'><strong>Karthagine</strong></span> <span class='ocrx_word' id='word_1_12' title='bbox 792 1173 890 1248; x_wconf 75' lang='lat' dir='ltr'><strong>natus,</strong></span> <span class='ocrx_word' id='word_1_13' title='bbox 913 1171 1018 1230; x_wconf 86' lang='lat' dir='ltr'><strong>seruiit</strong></span> <span class='ocrx_word' id='word_1_14' title='bbox 1037 1171 1149 1230; x_wconf 85' lang='lat' dir='ltr'><strong>Romae</strong></span> 
     </span>
     <span class='ocr_line' id='line_1_5' title="bbox 150 1259 1149 1336; baseline -0.001 -18"><span class='ocrx_word' id='word_1_15' title='bbox 150 1260 288 1319; x_wconf 85' lang='lat' dir='ltr'><strong>Terentio</strong></span> <span class='ocrx_word' id='word_1_16' title='bbox 307 1260 427 1318; x_wconf 85' lang='lat' dir='ltr'><strong>Lucano</strong></span> <span class='ocrx_word' id='word_1_17' title='bbox 452 1259 589 1336; x_wconf 83' lang='lat' dir='ltr'><strong>senatori,</strong></span> <span class='ocrx_word' id='word_1_18' title='bbox 613 1277 630 1316; x_wconf 98' lang='lat' dir='ltr'><strong>a</strong></span> <span class='ocrx_word' id='word_1_19' title='bbox 654 1278 713 1334; x_wconf 91' lang='lat' dir='ltr'><strong>quo</strong></span> <span class='ocrx_word' id='word_1_20' title='bbox 737 1259 773 1318; x_wconf 94' lang='lat' dir='ltr'><strong>ob</strong></span> <span class='ocrx_word' id='word_1_21' title='bbox 796 1259 948 1335; x_wconf 84' lang='lat' dir='ltr'><strong>ingenium</strong></span> <span class='ocrx_word' id='word_1_22' title='bbox 971 1262 1001 1317; x_wconf 89' lang='lat' dir='ltr'><strong>et</strong></span> <span class='ocrx_word' id='word_1_23' title='bbox 1023 1259 1149 1317; x_wconf 89' lang='lat' dir='ltr'><strong>formam</strong></span> 
     </span>
     <span class='ocr_line' id='line_1_6' title="bbox 150 1346 1149 1422; baseline -0.003 -15"><span class='ocrx_word' id='word_1_24' title='bbox 150 1368 210 1407; x_wconf 89' lang='lat' dir='ltr'><strong>uon</strong></span> <span class='ocrx_word' id='word_1_25' title='bbox 228 1348 387 1406; x_wconf 86' lang='lat' dir='ltr'><strong>institutus</strong></span> <span class='ocrx_word' id='word_1_26' title='bbox 405 1347 492 1406; x_wconf 88' lang='lat' dir='ltr'><strong>modo</strong></span> <span class='ocrx_word' id='word_1_27' title='bbox 509 1347 680 1422; x_wconf 75' lang='lat' dir='ltr'>liberaliter,</span> <span class='ocrx_word' id='word_1_28' title='bbox 698 1346 749 1405; x_wconf 87' lang='lat' dir='ltr'><strong>sed</strong></span> <span class='ocrx_word' id='word_1_29' title='bbox 763 1349 794 1404; x_wconf 90' lang='lat' dir='ltr'><strong>et</strong></span> <span class='ocrx_word' id='word_1_30' title='bbox 807 1349 924 1406; x_wconf 87' lang='lat' dir='ltr'><strong>mature</strong></span> <span class='ocrx_word' id='word_1_31' title='bbox 937 1365 1029 1405; x_wconf 86' lang='lat' dir='ltr'><strong>manu</strong></span> <span class='ocrx_word' id='word_1_32' title='bbox 1042 1346 1149 1406; x_wconf 87' lang='lat' dir='ltr'><strong>missus</strong></span> 
     </span>
     <span class='ocr_line' id='line_1_7' title="bbox 152 1434 1149 1512; baseline -0.002 -17"><span class='ocrx_word' id='word_1_33' title='bbox 152 1438 204 1495; x_wconf 87' lang='lat' dir='ltr'><strong>est.</strong></span> <span class='ocrx_word' id='word_1_34' title='bbox 250 1435 371 1512; x_wconf 88' lang='lat' dir='ltr'><strong>quidam</strong></span> <span class='ocrx_word' id='word_1_35' title='bbox 403 1437 524 1510; x_wconf 87' lang='lat' dir='ltr'><strong>captum</strong></span> <span class='ocrx_word' id='word_1_36' title='bbox 556 1452 617 1494; x_wconf 92' lang='lat' dir='ltr'><strong>esse</strong></span> <span class='ocrx_word' id='word_1_37' title='bbox 650 1434 834 1493; x_wconf 83' lang='lat' dir='ltr'><strong>existimant:</strong></span> <span class='ocrx_word' id='word_1_38' title='bbox 866 1434 946 1510; x_wconf 90' lang='lat' dir='ltr'><strong>quod</strong></span> <span class='ocrx_word' id='word_1_39' title='bbox 975 1434 1039 1493; x_wconf 89' lang='lat' dir='ltr'><strong>fieri</strong></span> <span class='ocrx_word' id='word_1_40' title='bbox 1066 1435 1149 1493; x_wconf 89' lang='lat' dir='ltr'><strong>nullo</strong></span> 
     </span>
     <span class='ocr_line' id='line_1_8' title="bbox 150 1522 1150 1599; baseline 0 -17"><span class='ocrx_word' id='word_1_41' title='bbox 150 1525 237 1582; x_wconf 83' lang='lat' dir='ltr'><strong>modo</strong></span> <span class='ocrx_word' id='word_1_42' title='bbox 260 1523 393 1598; x_wconf 85' lang='lat' dir='ltr'><strong>potuisse</strong></span> <span class='ocrx_word' id='word_1_43' title='bbox 415 1523 582 1582; x_wconf 76' lang='lat' dir='ltr'><strong>Fenestella</strong></span> <span class='ocrx_word' id='word_1_44' title='bbox 605 1522 704 1599; x_wconf 85' lang='lat' dir='ltr'><strong>docet,</strong></span> <span class='ocrx_word' id='word_1_45' title='bbox 728 1540 796 1580; x_wconf 89' lang='lat' dir='ltr'><strong>oum</strong></span> <span class='ocrx_word' id='word_1_46' title='bbox 818 1522 896 1580; x_wconf 88' lang='lat' dir='ltr'><strong>inter</strong></span> <span class='ocrx_word' id='word_1_47' title='bbox 917 1522 1007 1581; x_wconf 88' lang='lat' dir='ltr'><strong>finem</strong></span> <span class='ocrx_word' id='word_1_48' title='bbox 1029 1523 1150 1582; x_wconf 85' lang='lat' dir='ltr'><strong>secundi</strong></span> 
     </span>
     <span class='ocr_line' id='line_1_9' title="bbox 150 1610 1150 1670; baseline 0.001 -1"><span class='ocrx_word' id='word_1_49' title='bbox 150 1611 258 1670; x_wconf 88' lang='lat' dir='ltr'><strong>Punici</strong></span> <span class='ocrx_word' id='word_1_50' title='bbox 288 1611 360 1670; x_wconf 90' lang='lat' dir='ltr'><strong>belli</strong></span> <span class='ocrx_word' id='word_1_51' title='bbox 391 1615 422 1669; x_wconf 91' lang='lat' dir='ltr'><strong>et</strong></span> <span class='ocrx_word' id='word_1_52' title='bbox 447 1610 568 1669; x_wconf 88' lang='lat' dir='ltr'><strong>initium</strong></span> <span class='ocrx_word' id='word_1_53' title='bbox 595 1610 678 1668; x_wconf 89' lang='lat' dir='ltr'><strong>tertii</strong></span> <span class='ocrx_word' id='word_1_54' title='bbox 707 1612 736 1668; x_wconf 86' lang='lat' dir='ltr'><strong>et</strong></span> <span class='ocrx_word' id='word_1_55' title='bbox 764 1612 853 1668; x_wconf 89' lang='lat' dir='ltr'><strong>natus</strong></span> <span class='ocrx_word' id='word_1_56' title='bbox 882 1610 921 1668; x_wconf 87' lang='lat' dir='ltr'><strong>sit</strong></span> <span class='ocrx_word' id='word_1_57' title='bbox 948 1613 978 1669; x_wconf 90' lang='lat' dir='ltr'><strong>et</strong></span> <span class='ocrx_word' id='word_1_58' title='bbox 1004 1613 1150 1670; x_wconf 82' lang='lat' dir='ltr'><strong>mortuns</strong></span> 
     </span>
    </p>
   </div>
   <div class='ocr_carea' id='block_1_4' title="bbox 151 1685 1288 1772">
    <p class='ocr_par' dir='ltr' id='par_1_4' title="bbox 151 1685 1288 1772">
     <span class='ocr_line' id='line_1_10' title="bbox 151 1685 1288 1772; baseline 0.004 -15"><span class='ocrx_word' id='word_1_59' title='bbox 151 1719 205 1758; x_wconf 91' lang='lat' dir='ltr'><strong>nec</strong></span> <span class='ocrx_word' id='word_1_60' title='bbox 232 1699 258 1758; x_wconf 90' lang='lat' dir='ltr'><strong>si</strong></span> <span class='ocrx_word' id='word_1_61' title='bbox 285 1718 302 1757; x_wconf 88' lang='lat' dir='ltr'><strong>a</strong></span> <span class='ocrx_word' id='word_1_62' title='bbox 324 1698 463 1757; x_wconf 85' lang='lat' dir='ltr'><strong>Numidis</strong></span> <span class='ocrx_word' id='word_1_63' title='bbox 491 1702 545 1756; x_wconf 87' lang='lat' dir='ltr'><strong>aut</strong></span> <span class='ocrx_word' id='word_1_64' title='bbox 568 1697 704 1756; x_wconf 80' lang='lat' dir='ltr'><strong>Gaetulis</strong></span> <span class='ocrx_word' id='word_1_65' title='bbox 726 1700 832 1772; x_wconf 86' lang='lat' dir='ltr'><strong>captus</strong></span> <span class='ocrx_word' id='word_1_66' title='bbox 855 1697 909 1772; x_wconf 85' lang='lat' dir='ltr'><strong>sit,</strong></span> <span class='ocrx_word' id='word_1_67' title='bbox 936 1697 973 1755; x_wconf 88' lang='lat' dir='ltr'><strong>ad</strong></span> <span class='ocrx_word' id='word_1_68' title='bbox 996 1697 1150 1757; x_wconf 90' lang='lat' dir='ltr'><strong>dominum</strong></span> <span class='ocrx_word' id='word_1_69' title='bbox 1251 1767 1254 1771; x_wconf 56' lang='grc'><strong>,</strong></span> <span class='ocrx_word' id='word_1_70' title='bbox 1287 1685 1288 1762; x_wconf 64' lang='lat' dir='ltr'><strong>l</strong></span> 
     </span>
    </p>
   </div>
   <div class='ocr_carea' id='block_1_5' title="bbox 151 1784 1151 2476">
    <p class='ocr_par' dir='ltr' id='par_1_5' title="bbox 151 1784 1151 2476">
     <span class='ocr_line' id='line_1_11' title="bbox 151 1784 1151 1862; baseline -0.001 -16"><span class='ocrx_word' id='word_1_71' title='bbox 151 1788 319 1846; x_wconf 86' lang='lat' dir='ltr'><strong>Romanum</strong></span> <span class='ocrx_word' id='word_1_72' title='bbox 358 1786 513 1862; x_wconf 82' lang='lat' dir='ltr'><strong>peruenire</strong></span> <span class='ocrx_word' id='word_1_73' title='bbox 551 1784 700 1861; x_wconf 85' lang='lat' dir='ltr'><strong>potuisse,</strong></span> <span class='ocrx_word' id='word_1_74' title='bbox 741 1786 825 1844; x_wconf 90' lang='lat' dir='ltr'><strong>nullo</strong></span> <span class='ocrx_word' id='word_1_75' title='bbox 862 1785 1035 1844; x_wconf 87' lang='lat' dir='ltr'><strong>commercio</strong></span> <span class='ocrx_word' id='word_1_76' title='bbox 1072 1786 1151 1845; x_wconf 89' lang='lat' dir='ltr'><strong>inter</strong></span> 
     </span>
     <span class='ocr_line' id='line_1_12' title="bbox 152 1871 1148 1950; baseline 0 -17"><span class='ocrx_word' id='word_1_77' title='bbox 152 1875 273 1933; x_wconf 87' lang='lat' dir='ltr'><strong>Italicos</strong></span> <span class='ocrx_word' id='word_1_78' title='bbox 302 1878 332 1933; x_wconf 88' lang='lat' dir='ltr'><strong>et</strong></span> <span class='ocrx_word' id='word_1_79' title='bbox 354 1874 443 1933; x_wconf 87' lang='lat' dir='ltr'><strong>Afros</strong></span> <span class='ocrx_word' id='word_1_80' title='bbox 470 1873 528 1932; x_wconf 92' lang='lat' dir='ltr'><strong>nisi</strong></span> <span class='ocrx_word' id='word_1_81' title='bbox 554 1874 623 1948; x_wconf 86' lang='lat' dir='ltr'><strong>post</strong></span> <span class='ocrx_word' id='word_1_82' title='bbox 645 1873 774 1931; x_wconf 88' lang='lat' dir='ltr'><strong>deletam</strong></span> <span class='ocrx_word' id='word_1_83' title='bbox 796 1871 1013 1950; x_wconf 78' lang='lat' dir='ltr'><strong>Karthaginem</strong></span> <span class='ocrx_word' id='word_1_84' title='bbox 1035 1875 1148 1948; x_wconf 88' lang='lat' dir='ltr'><strong>coepto.</strong></span> 
     </span>
     <span class='ocr_line' id='line_1_13' title="bbox 151 1960 1149 2037; baseline -0.001 -17"><span class='ocrx_word' id='word_1_85' title='bbox 151 1964 200 2022; x_wconf 90' lang='lat' dir='ltr'><strong>hic</strong></span> <span class='ocrx_word' id='word_1_86' title='bbox 228 1982 295 2022; x_wconf 91' lang='lat' dir='ltr'><strong>cum</strong></span> <span class='ocrx_word' id='word_1_87' title='bbox 323 1962 426 2021; x_wconf 85' lang='lat' dir='ltr'><strong>multis</strong></span> <span class='ocrx_word' id='word_1_88' title='bbox 449 1961 598 2021; x_wconf 86' lang='lat' dir='ltr'><strong>nobilibus</strong></span> <span class='ocrx_word' id='word_1_89' title='bbox 621 1960 810 2019; x_wconf 83' lang='lat' dir='ltr'><strong>familiariter</strong></span> <span class='ocrx_word' id='word_1_90' title='bbox 832 1960 922 2037; x_wconf 86' lang='lat' dir='ltr'><strong>uixit,</strong></span> <span class='ocrx_word' id='word_1_91' title='bbox 949 1961 1001 2019; x_wconf 87' lang='lat' dir='ltr'><strong>sed</strong></span> <span class='ocrx_word' id='word_1_92' title='bbox 1022 1961 1149 2020; x_wconf 86' lang='lat' dir='ltr'><strong>maxime</strong></span> 
     </span>
     <span class='ocr_line' id='line_1_14' title="bbox 152 2047 1150 2126; baseline -0.004 -16"><span class='ocrx_word' id='word_1_93' title='bbox 152 2071 220 2110; x_wconf 92' lang='lat' dir='ltr'><strong>cum</strong></span> <span class='ocrx_word' id='word_1_94' title='bbox 240 2050 375 2126; x_wconf 82' lang='lat' dir='ltr'><strong>Scipione</strong></span> <span class='ocrx_word' id='word_1_95' title='bbox 393 2049 534 2108; x_wconf 82' lang='lat' dir='ltr'><strong>Africano</strong></span> <span class='ocrx_word' id='word_1_96' title='bbox 557 2051 588 2108; x_wconf 86' lang='lat' dir='ltr'><strong>et</strong></span> <span class='ocrx_word' id='word_1_97' title='bbox 606 2047 636 2108; x_wconf 83' lang='lat' dir='ltr'><strong>O.</strong></span> <span class='ocrx_word' id='word_1_98' title='bbox 650 2048 760 2124; x_wconf 85' lang='lat' dir='ltr'><strong>Laelio,</strong></span> <span class='ocrx_word' id='word_1_99' title='bbox 784 2048 892 2124; x_wconf 88' lang='lat' dir='ltr'><strong>quibus</strong></span> <span class='ocrx_word' id='word_1_100' title='bbox 911 2049 1003 2106; x_wconf 89' lang='lat' dir='ltr'><strong>etiam</strong></span> <span class='ocrx_word' id='word_1_101' title='bbox 1020 2050 1150 2124; x_wconf 88' lang='lat' dir='ltr'><strong>corporis</strong></span> 
     </span>
     <span class='ocr_line' id='line_1_15' title="bbox 152 2136 1151 2216; baseline -0.003 -19"><span class='ocrx_word' id='word_1_102' title='bbox 152 2139 252 2216; x_wconf 86' lang='lat' dir='ltr'><strong>gratia</strong></span> <span class='ocrx_word' id='word_1_103' title='bbox 274 2137 449 2197; x_wconf 88' lang='lat' dir='ltr'><strong>conciliatus</strong></span> <span class='ocrx_word' id='word_1_104' title='bbox 472 2137 666 2196; x_wconf 81' lang='lat' dir='ltr'><strong>existimatur.</strong></span> <span class='ocrx_word' id='word_1_105' title='bbox 709 2136 788 2211; x_wconf 87' lang='lat' dir='ltr'><strong>quod</strong></span> <span class='ocrx_word' id='word_1_106' title='bbox 811 2139 841 2194; x_wconf 89' lang='lat' dir='ltr'><strong>et</strong></span> <span class='ocrx_word' id='word_1_107' title='bbox 863 2137 962 2211; x_wconf 88' lang='lat' dir='ltr'><strong>ipsum</strong></span> <span class='ocrx_word' id='word_1_108' title='bbox 983 2137 1151 2196; x_wconf 83' lang='lat' dir='ltr'><strong>Fenestella</strong></span> 
     </span>
     <span class='ocr_line' id='line_1_16' title="bbox 153 2223 1150 2304; baseline -0.004 -18"><span class='ocrx_word' id='word_1_109' title='bbox 153 2227 262 2304; x_wconf 75' lang='lat' dir='ltr'><strong>arguit,</strong></span> <span class='ocrx_word' id='word_1_110' title='bbox 284 2225 462 2284; x_wconf 85' lang='lat' dir='ltr'><strong>contendens</strong></span> <span class='ocrx_word' id='word_1_111' title='bbox 484 2226 612 2301; x_wconf 87' lang='lat' dir='ltr'><strong>utroque</strong></span> <span class='ocrx_word' id='word_1_112' title='bbox 631 2223 772 2282; x_wconf 88' lang='lat' dir='ltr'><strong>maiorem</strong></span> <span class='ocrx_word' id='word_1_113' title='bbox 790 2225 865 2281; x_wconf 88' lang='lat' dir='ltr'><strong>natu</strong></span> <span class='ocrx_word' id='word_1_114' title='bbox 882 2223 982 2283; x_wconf 88' lang='lat' dir='ltr'><strong>fuisse.</strong></span> <span class='ocrx_word' id='word_1_115' title='bbox 1011 2225 1150 2300; x_wconf 87' lang='lat' dir='ltr'><strong>quamuis</strong></span> 
     </span>
     <span class='ocr_line' id='line_1_17' title="bbox 153 2311 1150 2389; baseline -0.004 -16"><span class='ocrx_word' id='word_1_116' title='bbox 153 2318 185 2374; x_wconf 91' lang='lat' dir='ltr'><strong>et</strong></span> <span class='ocrx_word' id='word_1_117' title='bbox 205 2315 306 2389; x_wconf 88' lang='lat' dir='ltr'><strong>Nepos</strong></span> <span class='ocrx_word' id='word_1_118' title='bbox 334 2313 472 2389; x_wconf 80' lang='lat' dir='ltr'><strong>aequales</strong></span> <span class='ocrx_word' id='word_1_119' title='bbox 498 2331 598 2372; x_wconf 89' lang='lat' dir='ltr'><strong>omnes</strong></span> <span class='ocrx_word' id='word_1_120' title='bbox 620 2312 712 2370; x_wconf 86' lang='lat' dir='ltr'><strong>fuisse</strong></span> <span class='ocrx_word' id='word_1_121' title='bbox 735 2311 836 2369; x_wconf 88' lang='lat' dir='ltr'><strong>tradat</strong></span> <span class='ocrx_word' id='word_1_122' title='bbox 858 2313 888 2370; x_wconf 90' lang='lat' dir='ltr'><strong>et</strong></span> <span class='ocrx_word' id='word_1_123' title='bbox 910 2311 1033 2371; x_wconf 87' lang='lat' dir='ltr'><strong>Porcius</strong></span> <span class='ocrx_word' id='word_1_124' title='bbox 1056 2311 1150 2386; x_wconf 88' lang='lat' dir='ltr'><strong>suspi-</strong></span> 
     </span>
     <span class='ocr_line' id='line_1_18' title="bbox 152 2393 855 2476; baseline -0.003 -16"><span class='ocrx_word' id='word_1_125' title='bbox 152 2403 265 2462; x_wconf 86' lang='lat' dir='ltr'><strong>tionem</strong></span> <span class='ocrx_word' id='word_1_126' title='bbox 287 2402 322 2459; x_wconf 88' lang='lat' dir='ltr'><strong>de</strong></span> <span class='ocrx_word' id='word_1_127' title='bbox 346 2393 634 2476; x_wconf 51' lang='lat' dir='ltr'><strong>consuetudine‘per</strong></span> <span class='ocrx_word' id='word_1_128' title='bbox 655 2400 728 2458; x_wconf 87' lang='lat' dir='ltr'><strong>haec</strong></span> <span class='ocrx_word' id='word_1_129' title='bbox 750 2399 855 2458; x_wconf 71' lang='lat' dir='ltr'><strong>saciata</strong></span> 
     </span>
    </p>
   </div>
   <div class='ocr_carea' id='block_1_6' title="bbox 153 2538 1153 3583">
    <p class='ocr_par' dir='ltr' id='par_1_6' title="bbox 153 2538 1010 2614">
     <span class='ocr_line' id='line_1_19' title="bbox 153 2538 1010 2614; baseline -0.004 -15"><span class='ocrx_word' id='word_1_130' title='bbox 153 2543 233 2600; x_wconf 91' lang='lat' dir='ltr'><strong>Dum</strong></span> <span class='ocrx_word' id='word_1_131' title='bbox 254 2540 409 2599; x_wconf 87' lang='lat' dir='ltr'><strong>lasciuiam</strong></span> <span class='ocrx_word' id='word_1_132' title='bbox 432 2541 577 2599; x_wconf 90' lang='lat' dir='ltr'><strong>nobilium</strong></span> <span class='ocrx_word' id='word_1_133' title='bbox 600 2541 630 2598; x_wconf 88' lang='lat' dir='ltr'><strong>et</strong></span> <span class='ocrx_word' id='word_1_134' title='bbox 652 2538 898 2607; x_wconf 79' lang='lat' dir='ltr'><strong>laudesfucosas</strong></span> <span class='ocrx_word' id='word_1_135' title='bbox 920 2538 1010 2614; x_wconf 76' lang='lat' dir='ltr'><strong>petit,</strong></span> 
     </span>
    </p>

    <p class='ocr_par' dir='ltr' id='par_1_7' title="bbox 154 2625 1062 2704">
     <span class='ocr_line' id='line_1_20' title="bbox 154 2625 1062 2704; baseline -0.004 -16"><span class='ocrx_word' id='word_1_136' title='bbox 154 2631 225 2688; x_wconf 89' lang='lat' dir='ltr'><strong>dum</strong></span> <span class='ocrx_word' id='word_1_137' title='bbox 247 2629 381 2688; x_wconf 80' lang='lat' dir='ltr'><strong>Africani</strong></span> <span class='ocrx_word' id='word_1_138' title='bbox 403 2647 506 2687; x_wconf 90' lang='lat' dir='ltr'><strong>uocem</strong></span> <span class='ocrx_word' id='word_1_139' title='bbox 530 2627 664 2687; x_wconf 85' lang='lat' dir='ltr'><strong>diuinam</strong></span> <span class='ocrx_word' id='word_1_140' title='bbox 686 2626 783 2684; x_wconf 86' lang='lat' dir='ltr'><strong>inhiat</strong></span> <span class='ocrx_word' id='word_1_141' title='bbox 805 2625 902 2685; x_wconf 85' lang='lat' dir='ltr'><strong>auidis</strong></span> <span class='ocrx_word' id='word_1_142' title='bbox 926 2626 1062 2704; x_wconf 79' lang='lat' dir='ltr'><strong>auribus,</strong></span> 
     </span>
    </p>

    <p class='ocr_par' dir='ltr' id='par_1_8' title="bbox 154 2714 1150 2791">
     <span class='ocr_line' id='line_1_21' title="bbox 154 2714 1150 2791; baseline -0.003 -16"><span class='ocrx_word' id='word_1_143' title='bbox 154 2718 225 2776; x_wconf 87' lang='lat' dir='ltr'><strong>dum</strong></span> <span class='ocrx_word' id='word_1_144' title='bbox 248 2717 286 2776; x_wconf 89' lang='lat' dir='ltr'><strong>ad</strong></span> <span class='ocrx_word' id='word_1_145' title='bbox 307 2716 428 2774; x_wconf 92' lang='lat' dir='ltr'><strong>Philum</strong></span> <span class='ocrx_word' id='word_1_146' title='bbox 452 2734 481 2775; x_wconf 90' lang='lat' dir='ltr'><strong>se</strong></span> <span class='ocrx_word' id='word_1_147' title='bbox 505 2716 634 2774; x_wconf 88' lang='lat' dir='ltr'><strong>cenitare</strong></span> <span class='ocrx_word' id='word_1_148' title='bbox 657 2716 687 2772; x_wconf 89' lang='lat' dir='ltr'><strong>et</strong></span> <span class='ocrx_word' id='word_1_149' title='bbox 710 2714 845 2773; x_wconf 88' lang='lat' dir='ltr'><strong>Laelium</strong></span> <span class='ocrx_word' id='word_1_150' title='bbox 868 2714 1025 2789; x_wconf 86' lang='lat' dir='ltr'><strong>pulchrum</strong></span> <span class='ocrx_word' id='word_1_151' title='bbox 1048 2716 1150 2791; x_wconf 84' lang='lat' dir='ltr'><strong>putat,</strong></span> 
     </span>
    </p>

    <p class='ocr_par' dir='ltr' id='par_1_9' title="bbox 154 2801 1150 2880">
     <span class='ocr_line' id='line_1_22' title="bbox 154 2801 1150 2880; baseline -0.004 -17"><span class='ocrx_word' id='word_1_152' title='bbox 154 2806 225 2865; x_wconf 90' lang='lat' dir='ltr'><strong>dum</strong></span> <span class='ocrx_word' id='word_1_153' title='bbox 252 2805 283 2863; x_wconf 89' lang='lat' dir='ltr'><strong>in</strong></span> <span class='ocrx_word' id='word_1_154' title='bbox 305 2804 456 2863; x_wconf 87' lang='lat' dir='ltr'><strong>Albanum</strong></span> <span class='ocrx_word' id='word_1_155' title='bbox 484 2803 584 2862; x_wconf 88' lang='lat' dir='ltr'><strong>crebro</strong></span> <span class='ocrx_word' id='word_1_156' title='bbox 610 2801 729 2876; x_wconf 86' lang='lat' dir='ltr'><strong>rapitur</strong></span> <span class='ocrx_word' id='word_1_157' title='bbox 742 2802 788 2880; x_wconf 91' lang='lat' dir='ltr'><strong>ob</strong></span> <span class='ocrx_word' id='word_1_158' title='bbox 810 2801 913 2861; x_wconf 89' lang='lat' dir='ltr'><strong>florem</strong></span> <span class='ocrx_word' id='word_1_159' title='bbox 936 2802 1044 2860; x_wconf 87' lang='lat' dir='ltr'><strong>aetatis</strong></span> <span class='ocrx_word' id='word_1_160' title='bbox 1067 2820 1150 2860; x_wconf 89' lang='lat' dir='ltr'><strong>suae:</strong></span> 
     </span>
    </p>

    <p class='ocr_par' dir='ltr' id='par_1_10' title="bbox 154 2889 1109 2968">
     <span class='ocr_line' id='line_1_23' title="bbox 154 2889 1109 2968; baseline -0.005 -15"><span class='ocrx_word' id='word_1_161' title='bbox 154 2895 216 2953; x_wconf 88' lang='lat' dir='ltr'><strong>suis</strong></span> <span class='ocrx_word' id='word_1_162' title='bbox 239 2892 378 2968; x_wconf 86' lang='lat' dir='ltr'><strong>postlatis</strong></span> <span class='ocrx_word' id='word_1_163' title='bbox 400 2892 488 2950; x_wconf 89' lang='lat' dir='ltr'><strong>rebus</strong></span> <span class='ocrx_word' id='word_1_164' title='bbox 511 2890 549 2950; x_wconf 88' lang='lat' dir='ltr'><strong>ad</strong></span> <span class='ocrx_word' id='word_1_165' title='bbox 572 2908 718 2948; x_wconf 87' lang='lat' dir='ltr'><strong>summam</strong></span> <span class='ocrx_word' id='word_1_166' title='bbox 739 2889 872 2965; x_wconf 89' lang='lat' dir='ltr'><strong>inopiam</strong></span> <span class='ocrx_word' id='word_1_167' title='bbox 894 2889 1033 2949; x_wconf 85' lang='lat' dir='ltr'><strong>redactus</strong></span> <span class='ocrx_word' id='word_1_168' title='bbox 1056 2892 1109 2949; x_wconf 88' lang='lat' dir='ltr'><strong>est.</strong></span> 
     </span>
    </p>

    <p class='ocr_par' dir='ltr' id='par_1_11' title="bbox 153 2975 1152 3124">
     <span class='ocr_line' id='line_1_24' title="bbox 153 2975 1152 3058; baseline -0.005 -18"><span class='ocrx_word' id='word_1_169' title='bbox 153 2983 257 3058; x_wconf 86' lang='lat' dir='ltr'><strong>itaque</strong></span> <span class='ocrx_word' id='word_1_170' title='bbox 290 3000 325 3040; x_wconf 82' lang='lat' dir='ltr'><strong>ex</strong></span> <span class='ocrx_word' id='word_1_171' title='bbox 357 2982 515 3055; x_wconf 86' lang='lat' dir='ltr'><strong>conspectu</strong></span> <span class='ocrx_word' id='word_1_172' title='bbox 548 2978 681 3038; x_wconf 91' lang='lat' dir='ltr'><strong>omnium</strong></span> <span class='ocrx_word' id='word_1_173' title='bbox 713 2977 776 3036; x_wconf 86' lang='lat' dir='ltr'><strong>abit</strong></span> <span class='ocrx_word' id='word_1_174' title='bbox 804 2978 837 3036; x_wconf 91' lang='lat' dir='ltr'><strong>in</strong></span> <span class='ocrx_word' id='word_1_175' title='bbox 863 2975 1017 3036; x_wconf 78' lang='lat' dir='ltr'><strong>Graeciam</strong></span> <span class='ocrx_word' id='word_1_176' title='bbox 1042 2981 1152 3037; x_wconf 88' lang='lat' dir='ltr'><strong>terram</strong></span> 
     </span>
     <span class='ocr_line' id='line_1_25' title="bbox 940 3065 1097 3124; baseline 0.006 -1"><span class='ocrx_word' id='word_1_177' title='bbox 940 3065 1097 3124; x_wconf 86' lang='lat' dir='ltr'><strong>ultumam.</strong></span> 
     </span>
    </p>

    <p class='ocr_par' dir='ltr' id='par_1_12' title="bbox 153 3152 1025 3232">
     <span class='ocr_line' id='line_1_26' title="bbox 153 3152 1025 3232; baseline -0.005 -16"><span class='ocrx_word' id='word_1_178' title='bbox 153 3159 287 3216; x_wconf 86' lang='lat' dir='ltr'><strong>mortuos</strong></span> <span class='ocrx_word' id='word_1_179' title='bbox 310 3154 508 3232; x_wconf 81' lang='lat' dir='ltr'><strong>Stymphalist</strong></span> <span class='ocrx_word' id='word_1_180' title='bbox 531 3154 676 3213; x_wconf 63' lang='lat' dir='ltr'><strong>moadiae</strong></span> <span class='ocrx_word' id='word_1_181' title='bbox 700 3153 816 3229; x_wconf 87' lang='lat' dir='ltr'><strong>oppido.</strong></span> <span class='ocrx_word' id='word_1_182' title='bbox 853 3152 897 3210; x_wconf 89' lang='lat' dir='ltr'><strong>nil</strong></span> <span class='ocrx_word' id='word_1_183' title='bbox 918 3153 1025 3212; x_wconf 92' lang='lat' dir='ltr'><strong>Publio</strong></span> 
     </span>
    </p>

    <p class='ocr_par' dir='ltr' id='par_1_13' title="bbox 155 3241 902 3321">
     <span class='ocr_line' id='line_1_27' title="bbox 155 3241 902 3321; baseline -0.005 -18"><span class='ocrx_word' id='word_1_184' title='bbox 155 3245 254 3321; x_wconf 81' lang='lat' dir='ltr'><strong>Scipio</strong></span> <span class='ocrx_word' id='word_1_185' title='bbox 277 3244 403 3319; x_wconf 79' lang='lat' dir='ltr'><strong>profuit,</strong></span> <span class='ocrx_word' id='word_1_186' title='bbox 427 3242 470 3301; x_wconf 90' lang='lat' dir='ltr'><strong>nil</strong></span> <span class='ocrx_word' id='word_1_187' title='bbox 492 3243 538 3301; x_wconf 92' lang='lat' dir='ltr'><strong>illi</strong></span> <span class='ocrx_word' id='word_1_188' title='bbox 560 3242 693 3318; x_wconf 88' lang='lat' dir='ltr'><strong>Laelius,</strong></span> <span class='ocrx_word' id='word_1_189' title='bbox 717 3241 760 3298; x_wconf 93' lang='lat' dir='ltr'><strong>nil</strong></span> <span class='ocrx_word' id='word_1_190' title='bbox 781 3241 902 3318; x_wconf 83' lang='lat' dir='ltr'><strong>Furius,</strong></span> 
     </span>
    </p>

    <p class='ocr_par' dir='ltr' id='par_1_14' title="bbox 154 3328 1057 3407">
     <span class='ocr_line' id='line_1_28' title="bbox 154 3328 1057 3407; baseline -0.004 -17"><span class='ocrx_word' id='word_1_191' title='bbox 154 3336 215 3392; x_wconf 84' lang='lat' dir='ltr'><strong>tres</strong></span> <span class='ocrx_word' id='word_1_192' title='bbox 237 3352 291 3407; x_wconf 91' lang='lat' dir='ltr'><strong>per</strong></span> <span class='ocrx_word' id='word_1_193' title='bbox 312 3331 343 3389; x_wconf 83' lang='lat' dir='ltr'><strong>id</strong></span> <span class='ocrx_word' id='word_1_194' title='bbox 365 3333 484 3406; x_wconf 87' lang='lat' dir='ltr'><strong>tempus</strong></span> <span class='ocrx_word' id='word_1_195' title='bbox 507 3330 560 3406; x_wconf 92' lang='lat' dir='ltr'><strong>qui</strong></span> <span class='ocrx_word' id='word_1_196' title='bbox 583 3330 741 3406; x_wconf 83' lang='lat' dir='ltr'><strong>agitabant</strong></span> <span class='ocrx_word' id='word_1_197' title='bbox 763 3328 876 3387; x_wconf 89' lang='lat' dir='ltr'><strong>nobiles</strong></span> <span class='ocrx_word' id='word_1_198' title='bbox 899 3328 1057 3387; x_wconf 87' lang='lat' dir='ltr'><strong>facillume.</strong></span> 
     </span>
    </p>

    <p class='ocr_par' dir='ltr' id='par_1_15' title="bbox 154 3415 1153 3493">
     <span class='ocr_line' id='line_1_29' title="bbox 154 3415 1153 3493; baseline -0.004 -15"><span class='ocrx_word' id='word_1_199' title='bbox 154 3439 257 3478; x_wconf 89' lang='lat' dir='ltr'><strong>eorum</strong></span> <span class='ocrx_word' id='word_1_200' title='bbox 279 3419 329 3478; x_wconf 92' lang='lat' dir='ltr'><strong>ille</strong></span> <span class='ocrx_word' id='word_1_201' title='bbox 354 3437 443 3493; x_wconf 89' lang='lat' dir='ltr'><strong>opera</strong></span> <span class='ocrx_word' id='word_1_202' title='bbox 465 3437 503 3476; x_wconf 91' lang='lat' dir='ltr'><strong>ne</strong></span> <span class='ocrx_word' id='word_1_203' title='bbox 525 3417 646 3476; x_wconf 83' lang='lat' dir='ltr'><strong>domum</strong></span> <span class='ocrx_word' id='word_1_204' title='bbox 668 3416 787 3493; x_wconf 85' lang='lat' dir='ltr'><strong>quidem</strong></span> <span class='ocrx_word' id='word_1_205' title='bbox 805 3416 912 3474; x_wconf 87' lang='lat' dir='ltr'><strong>habuit</strong></span> <span class='ocrx_word' id='word_1_206' title='bbox 930 3415 1153 3490; x_wconf 85' lang='lat' dir='ltr'><strong>conducticiam,</strong></span> 
     </span>
    </p>

    <p class='ocr_par' dir='ltr' id='par_1_16' title="bbox 154 3503 1102 3583">
     <span class='ocr_line' id='line_1_30' title="bbox 154 3503 1102 3583; baseline -0.003 -17"><span class='ocrx_word' id='word_1_207' title='bbox 154 3508 262 3566; x_wconf 86' lang='lat' dir='ltr'><strong>saltem</strong></span> <span class='ocrx_word' id='word_1_208' title='bbox 284 3509 319 3564; x_wconf 89' lang='lat' dir='ltr'><strong>ut</strong></span> <span class='ocrx_word' id='word_1_209' title='bbox 342 3508 432 3583; x_wconf 75' lang='lat' dir='ltr'><strong>esset,</strong></span> <span class='ocrx_word' id='word_1_210' title='bbox 456 3523 516 3581; x_wconf 87' lang='lat' dir='ltr'><strong>quo</strong></span> <span class='ocrx_word' id='word_1_211' title='bbox 539 3506 663 3564; x_wconf 86' lang='lat' dir='ltr'><strong>referret</strong></span> <span class='ocrx_word' id='word_1_212' title='bbox 685 3504 802 3563; x_wconf 88' lang='lat' dir='ltr'><strong>obitum</strong></span> <span class='ocrx_word' id='word_1_213' title='bbox 824 3503 936 3562; x_wconf 88' lang='lat' dir='ltr'><strong>domini</strong></span> <span class='ocrx_word' id='word_1_214' title='bbox 960 3505 1102 3563; x_wconf 86' lang='lat' dir='ltr'><strong>seruolns.</strong></span> 
     </span>
    </p>
   </div>
   <div class='ocr_carea' id='block_1_7' title="bbox 0 0 1307 3926">
    <p class='ocr_par' dir='ltr' id='par_1_17' title="bbox 0 0 1307 3926">
     <span class='ocr_line' id='line_1_31' title="bbox 0 0 1307 3926; baseline 0 0"><span class='ocrx_word' id='word_1_215' title='bbox 0 0 1307 3926; x_wconf 95' lang='lat' dir='ltr'><strong> </strong></span> 
     </span>
    </p>
   </div>
  </div>
 </body>
</html>
